@misc{Muscoloni2017,
author = {Muscoloni, Alessandro and Michieli, Umberto and Cannistraci, Carlo Vittorio},
title = {{Local-ring network automata and the impact of hyperbolic geometry in complex network link-prediction}},
url = {http://arxiv.org/abs/1707.09496},
year = {2018}
}
